<?xml version="1.0" encoding="UTF-8"?><collection xmlns="http://www.loc.gov/MARC21/slim"><record><leader>00670nam--2200193-i-4500</leader><controlfield tag="001">000000321</controlfield><controlfield tag="002">20161230</controlfield><controlfield tag="005">20170114224620</controlfield><controlfield tag="008">060222s1000------------r-----000-0-eng-d</controlfield><datafield ind1=" " ind2=" " tag="040"><subfield code="a">IFIN-HH</subfield></datafield><datafield ind1=" " ind2=" " tag="080"><subfield code="a">539.1:061.3</subfield></datafield><datafield ind1="1" ind2=" " tag="100"><subfield code="a">Hughes, Vernon W</subfield></datafield><datafield ind1="1" ind2="0" tag="245"><subfield code="a">Atomic physics 1</subfield><subfield code="b">Proceedings of the First International Conference on Atomic Physics, June 3-7, 1968, New York City</subfield><subfield code="c">Vernon W. Hughes (conference chairman) Benjamin Bederson, Victor W. Cohen, Francis M. Pichanick (eds.)</subfield></datafield><datafield ind1=" " ind2=" " tag="260"><subfield code="a">New York</subfield><subfield code="b">Plenum Press</subfield><subfield code="c">1969</subfield></datafield><datafield ind1=" " ind2=" " tag="300"><subfield code="a">620 p</subfield></datafield><datafield ind1=" " ind2=" " tag="490"><subfield code="a">Atomic Physics</subfield></datafield><datafield ind1="1" ind2=" " tag="700"><subfield code="a">Pichanick, Francis M</subfield><subfield code="e">Ed</subfield></datafield><datafield ind1=" " ind2=" " tag="852"><subfield code="a">10056</subfield></datafield><datafield ind1=" " ind2=" " tag="CAT"><subfield code="a">SYS</subfield><subfield code="c">20170114</subfield><subfield code="h">224620</subfield></datafield></record></collection>